02RETORNO01COBRANCA       00000000000000022850ASSOC COML DE SAO PAULO       237BRADESCO       3107130160000006885                                                                                                                                                                                                                                                                          010813         000001
10260524550000131000000900099024048692318439552               0000000023001952646P000000000000000000000000090231071323184395520000000023001952646P230813000000001316723704151  000000000000000000000000000000000000000000000000000000000000000000000000000000000000000000000000000000000000000000000                          0000000000                                                                  000002
10260524550000131000000900099024048692318439553               000000002300195264780000000000000000000000000902310713231843955300000000230019526478230913000000001316623704151  000000000000000000000000000000000000000000000000000000000000000000000000000000000000000000000000000000000000000000000                          0000000000                                                                  000003
10260524550000131000000900099024048691208428991               000000002300195264860000000000000000000000000902310713120842899100000000230019526486260813000000000333323704151  000000000000000000000000000000000000000000000000000000000000000000000000000000000000000000000000000000000000000000000                          0000000000                                                                  000004
10260524550000131000000900099024048691208428992               000000002300195264940000000000000000000000000902310713120842899200000000230019526494260913000000000333323704151  000000000000000000000000000000000000000000000000000000000000000000000000000000000000000000000000000000000000000000000                          0000000000                                                                  000005
10260524550000131000000900099024048691208428993               000000002300195265080000000000000000000000000902310713120842899300000000230019526508281013000000000333423704151  000000000000000000000000000000000000000000000000000000000000000000000000000000000000000000000000000000000000000000000                          0000000000                                                                  000006
10260524550000131000000900099024048692318439591               000000002300195265160000000000000000000000000902310713231843959100000000230019526516260813000000001666723704151  000000000000000000000000000000000000000000000000000000000000000000000000000000000000000000000000000000000000000000000                          0000000000                                                                  000007
10260524550000131000000900099024048692318439592               000000002300195265240000000000000000000000000902310713231843959200000000230019526524250913000000001666723704151  000000000000000000000000000000000000000000000000000000000000000000000000000000000000000000000000000000000000000000000                          0000000000                                                                  000008
10260524550000131000000900099024048692318439593               000000002300195265320000000000000000000000000902310713231843959300000000230019526532251013000000001666623704151  000000000000000000000000000000000000000000000000000000000000000000000000000000000000000000000000000000000000000000000                          0000000000                                                                  000009
10260524550000131000000900099024048692318439581               000000002300195265400000000000000000000000000902310713231843958100000000230019526540260813000000000650023704151  000000000000000000000000000000000000000000000000000000000000000000000000000000000000000000000000000000000000000000000                          0000000000                                                                  000010
10260524550000131000000900099024048692318439582               000000002300195265590000000000000000000000000902310713231843958200000000230019526559250913000000000650023704151  000000000000000000000000000000000000000000000000000000000000000000000000000000000000000000000000000000000000000000000                          0000000000                                                                  000011
1026052455000013100000090009902404869231843960                000000002300195265670000000000000000000000000902310713231843960 00000000230019526567260813000000001300023704151  000000000000000000000000000000000000000000000000000000000000000000000000000000000000000000000000000000000000000000000                          0000000000                                                                  000012
10260524550000131000000900099024048692318439562               000000002300195265750000000000000000000000000902310713231843956200000000230019526575260813000000001316723704151  000000000000000000000000000000000000000000000000000000000000000000000000000000000000000000000000000000000000000000000                          0000000000                                                                  000013
10260524550000131000000900099024048692318439563               000000002300195265830000000000000000000000000902310713231843956300000000230019526583250913000000001316623704151  000000000000000000000000000000000000000000000000000000000000000000000000000000000000000000000000000000000000000000000                          0000000000                                                                  000014
10260524550000131000000900099024048691208393341               000000002300195265910000000000000000000000000902310713120839334100000000230019526591200813000000000641723704151  000000000000000000000000000000000000000000000000000000000000000000000000000000000000000000000000000000000000000000000                          0000000000                                                                  000015
10260524550000131000000900099024048691208393342               000000002300195266050000000000000000000000000902310713120839334200000000230019526605200913000000000641723704151  000000000000000000000000000000000000000000000000000000000000000000000000000000000000000000000000000000000000000000000                          0000000000                                                                  000016
10260524550000131000000900099024048691208393343               000000002300195266130000000000000000000000000902310713120839334300000000230019526613211013000000000641623704151  000000000000000000000000000000000000000000000000000000000000000000000000000000000000000000000000000000000000000000000                          0000000000                                                                  000017
10260524550000131000000900099024048691208353411               000000002300195266210000000000000000000000000902310713120835341100000000230019526621090813000000001398323704151  000000000000000000000000000000000000000000000000000000000000000000000000000000000000000000000000000000000000000000000                          0000000000                                                                  000018
10260524550000131000000900099024048691208353412               0000000023001952663P000000000000000000000000090231071312083534120000000023001952663P090913000000001398223704151  000000000000000000000000000000000000000000000000000000000000000000000000000000000000000000000000000000000000000000000                          0000000000                                                                  000019
1026052455000013100000090009902404869231843961                000000002300195266480000000000000000000000000902310713231843961 00000000230019526648310813000000006860023704151  000000000000000000000000000000000000000000000000000000000000000000000000000000000000000000000000000000000000000000000                          0000000000                                                                  000020
1026052455000013100000090009902404869231843962                000000002300195266560000000000000000000000000902310713231843962 00000000230019526656310813000000001400023704151  000000000000000000000000000000000000000000000000000000000000000000000000000000000000000000000000000000000000000000000                          0000000000                                                                  000021
1026052455000013100000090009902404869231843963                000000002300195266640000000000000000000000000902310713231843963 00000000230019526664310813000000001400023704151  000000000000000000000000000000000000000000000000000000000000000000000000000000000000000000000000000000000000000000000                          0000000000                                                                  000022
10260524550000131000000900099024048692317779641               000000002300195266720000000000000000000000000902310713231777964100000000230019526672200813000000000650023704151  000000000000000000000000000000000000000000000000000000000000000000000000000000000000000000000000000000000000000000000                          0000000000                                                                  000023
10260524550000131000000900099024048692317779642               000000002300195266800000000000000000000000000902310713231777964200000000230019526680200913000000000650023704151  000000000000000000000000000000000000000000000000000000000000000000000000000000000000000000000000000000000000000000000                          0000000000                                                                  000024
10260524550000131000000900099024048692318174811               000000002300195266990000000000000000000000000902310713231817481100000000230019526699050813000000001316723704151  000000000000000000000000000000000000000000000000000000000000000000000000000000000000000000000000000000000000000000000                          0000000000                                                                  000025
10260524550000131000000900099024048692318174812               000000002300195267020000000000000000000000000902310713231817481200000000230019526702050913000000001316723704151  000000000000000000000000000000000000000000000000000000000000000000000000000000000000000000000000000000000000000000000                          0000000000                                                                  000026
1026052455000013100000090009902404869231752168                000000002300195267100000000000000000000000000902310713231752168 00000000230019526710150813000000001000023704151  000000000000000000000000000000000000000000000000000000000000000000000000000000000000000000000000000000000000000000000                          0000000000                                                                  000027
1026052455000013100000090009902404869231843938                000000002300195267290000000000000000000000000902310713231843938 00000000230019526729300813000000003900023704151  000000000000000000000000000000000000000000000000000000000000000000000000000000000000000000000000000000000000000000000                          0000000000                                                                  000028
10260524550000131000000900099024048692318203211               000000002300195267370000000000000000000000000902310713231820321100000000230019526737010813000000000666723704151  000000000000000000000000000000000000000000000000000000000000000000000000000000000000000000000000000000000000000000000                          0000000000                                                                  000029
1026052455000013100000090009902404869231841968                000000002300195267450000000000000000000000000902310713231841968 00000000230019526745300813000000006464023704151  000000000000000000000000000000000000000000000000000000000000000000000000000000000000000000000000000000000000000000000                          0000000000                                                                  000030
10260524550000131000000900099024048691202979321               000000002300195267530000000000000000000000000902310713120297932100000000230019526753100813000000000303323704151  000000000000000000000000000000000000000000000000000000000000000000000000000000000000000000000000000000000000000000000                          0000000000                                                                  000031
10260524550000131000000900099024048692318439572               000000002300195267610000000000000000000000000902310713231843957200000000230019526761230813000000001666723704151  000000000000000000000000000000000000000000000000000000000000000000000000000000000000000000000000000000000000000000000                          0000000000                                                                  000032
10260524550000131000000900099024048692318439573               0000000023001952677P000000000000000000000000090231071323184395730000000023001952677P230913000000001666623704151  000000000000000000000000000000000000000000000000000000000000000000000000000000000000000000000000000000000000000000000                          0000000000                                                                  000033
1026052455000013100000090009902404869231843941                000000002300195267880000000000000000000000000902310713231843941 00000000230019526788300813000000001424023704151  000000000000000000000000000000000000000000000000000000000000000000000000000000000000000000000000000000000000000000000                          0000000000                                                                  000034
10260524550000131000000900099024048692317936573               000000002300195267960000000000000000000000000902310713231793657300000000230019526796060813000000001316623704151  000000000000000000000000000000000000000000000000000000000000000000000000000000000000000000000000000000000000000000000                          0000000000                                                                  000035
10260524550000131000000900099024048692318196474               000000002300193975700000000000000000000000000906310713231819647400000000230019397570010813000000000987534101016  000000000000000000000000000000000000000000000000000000000000000000000000000000000000000987500000000000000000000000000   010813             00000000000000                                                                  000036
10260524550000131000000900099024048692318198093               0000000023001941002P000000000000000000000000090631071323181980930000000023001941002P020713000000000458334101666  000000000000000000000000000000000000000000000000000000000000000000000000000000000000000467000000000000870000000000000   010813             00000000000000                                                                  000037
10260524550000131000000900099024048692318206673               000000002300194221920000000000000000000000000906310713231820667300000000230019422192020713000000000987534100196  000000000000000000000000000000000000000000000000000000000000000000000000000000000000001007800000000002030000000000000   010813             00000000000000                                                                  000038
10260524550000131000000900099024048692318267273               000000002300194485580000000000000000000000000906310713231826727300000000230019448558050813000000001316603302178  000000000000000000000000000000000000000000000000000000000000000000000000000000000000001316600000000000000000000000000   010813             00000000000000                                                                  000039
10260524550000131000000900099024048692317739142               000000002300194622320000000000000000000000000906310713231773914200000000230019462232260713000000001316734100644  000000000000000000000000000000000000000000000000000000000000000000000000000000000000001321200000000000450000000000000   010813             00000000000000                                                                  000040
10260524550000131000000900099024048692318331472               000000002300194674550000000000000000000000000906310713231833147200000000230019467455020813000000000916774500001  000000000000000000000000000000000000000000000000000000000000000000000000000001000000000916600000000000000000000000000   010813             00000000000000                                                                  000041
10260524550000131000000900099024048692318329202               000000002300194691050000000000000000000000000906310713231832920200000000230019469105020813000000001000034101272  000000000000000000000000000000000000000000000000000000000000000000000000000000000000001000000000000000000000000000000   010813             00000000000000                                                                  000042
10260524550000131000000900099024048692318330902               000000002300194704560000000000000000000000000906310713231833090200000000230019470456020813000000001316703303878  000000000000000000000000000000000000000000000000000000000000000000000000000001000000001316600000000000000000000000000   010813             00000000000000                                                                  000043
10260524550000131000000900099024048692318335662               0000000023001947110P000000000000000000000000090631071323183356620000000023001947110P020813000000001316723700118  000000000000000000000000000000000000000000000000000000000000000000000000000000000000001316700000000000000000000000000   010813             00000000000000                                                                  000044
10260524550000131000000900099024048692318327792               000000002300194716810000000000000000000000000906310713231832779200000000230019471681020813000000000833310402925  000000000000000000000000000000000000000000000000000000000000000000000000000009000000000832400000000000000000000000000   010813             00000000000000                                                                  000045
10260524550000131000000900099024048692318332952               000000002300194739940000000000000000000000000906310713231833295200000000230019473994020813000000000987534100065  000000000000000000000000000000000000000000000000000000000000000000000000000000000000000987500000000000000000000000000   010813             00000000000000                                                                  000046
10260524550000131000000900099024048692318328822               000000002300194768020000000000000000000000000906310713231832882200000000230019476802020813000000000666723702272  000000000000000000000000000000000000000000000000000000000000000000000000000000000000000666700000000000000000000000000   010813             00000000000000                                                                  000047
10260524550000131000000900099024048692318335922               000000002300194768880000000000000000000000000906310713231833592200000000230019476888020813000000001316703304672  000000000000000000000000000000000000000000000000000000000000000000000000000001000000001316600000000000000000000000000   010813             00000000000000                                                                  000048
10260524550000131000000900099024048692318327782               000000002300194771670000000000000000000000000906310713231832778200000000230019477167020813000000000666723701993  000000000000000000000000000000000000000000000000000000000000000000000000000000000000000666700000000000000000000000000   010813             00000000000000                                                                  000049
10260524550000131000000900099024048692318331202               000000002300194826400000000000000000000000000906310713231833120200000000230019482640020813000000000916703302072  000000000000000000000000000000000000000000000000000000000000000000000000000001000000000916600000000000000000000000000   010813             00000000000000                                                                  000050
10260524550000131000000900099024048692318331892               000000002300194842520000000000000000000000000906310713231833189200000000230019484252020813000000001975003304729  000000000000000000000000000000000000000000000000000000000000000000000000000000000000001975000000000000000000000000000   010813             00000000000000                                                                  000051
10260524550000131000000900099024048692318333912               000000002300194843250000000000000000000000000906310713231833391200000000230019484325020813000000000650010400257  000000000000000000000000000000000000000000000000000000000000000000000000000000000000000650000000000000000000000000000   010813             00000000000000                                                                  000052
1026052455000013100000090009902404869231837718                000000002300194961370000000000000000000000000906310713231837718 00000000230019496137150713000000001500023701936  000000000000000000000000000000000000000000000000000000000000000000000000000000000000001517600000000001760000000000000   010813             00000000000000                                                                  000053
1026052455000013100000090009902404869231839158                000000002300194989890000000000000000000000000906310713231839158 00000000230019498989020813000000000500034108884  000000000000000000000000000000000000000000000000000000000000000000000000000000000000000500000000000000000000000000000   010813             00000000000000                                                                  000054
1026052455000013100000090009902404869231839421                000000002300195009240000000000000000000000000906310713231839421 00000000230019500924020813000000005000023700098  000000000000000000000000000000000000000000000000000000000000000000000000000000000000005000000000000000000000000000000   010813             00000000000000                                                                  000055
10260524550000131000000900099024048692318392831               000000002300195012540000000000000000000000000906310713231839283100000000230019501254050813000000001316723702723  000000000000000000000000000000000000000000000000000000000000000000000000000000000000001316700000000000000000000000000   010813             00000000000000                                                                  000056
10260524550000131000000900099024048692318391311               000000002300195022930000000000000000000000000906310713231839131100000000230019502293050813000000001000034106404  000000000000000000000000000000000000000000000000000000000000000000000000000000000000001000000000000000000000000000000   010813             00000000000000                                                                  000057
1026052455000013100000090009902404869231839169                0000000023001950685P0000000000000000000000000906310713231839169 0000000023001950685P020813000000000500023700124  000000000000000000000000000000000000000000000000000000000000000000000000000000000000000500000000000000000000000000000   010813             00000000000000                                                                  000058
1026052455000013100000090009902404869231839474                000000002300195078990000000000000000000000000906310713231839474 00000000230019507899310713000000005000034100196  000000000000000000000000000000000000000000000000000000000000000000000000000000000000005000000000000000000000000000000   010813             00000000000000                                                                  000059
10260524550000131000000900099024048692318393051               000000002300195098160000000000000000000000000906310713231839305100000000230019509816050813000000001975003300563  000000000000000000000000000000000000000000000000000000000000000000000000000000000000001975000000000000000000000000000   010813             00000000000000                                                                  000060
10260524550000131000000900099024048692318395331               000000002300195101210000000000000000000000000906310713231839533100000000230019510121050813000000001316734109652  000000000000000000000000000000000000000000000000000000000000000000000000000001000000001316600000000000000000000000000   010813             00000000000000                                                                  000061
10260524550000131000000900099024048692318397761               0000000023001951173P000000000000000000000000090631071323183977610000000023001951173P050813000000000433323703267  000000000000000000000000000000000000000000000000000000000000000000000000000000000000000433300000000000000000000000000   010813             00000000000000                                                                  000062
10260524550000131000000900099024048692318391301               000000002300195123020000000000000000000000000906310713231839130100000000230019512302050813000000001466734108498  000000000000000000000000000000000000000000000000000000000000000000000000000000000000001466700000000000000000000000000   010813             00000000000000                                                                  000063
1026052455000013100000090009902404869231839415                000000002300195128680000000000000000000000000906310713231839415 00000000230019512868020813000000005000023703779  000000000000000000000000000000000000000000000000000000000000000000000000000000000000005000000000000000000000000000000   010813             00000000000000                                                                  000064
1026052455000013100000090009902404869231839019                000000002300195158590000000000000000000000000906310713231839019 00000000230019515859020813000000001000023700099  000000000000000000000000000000000000000000000000000000000000000000000000000000000000001000000000000000000000000000000   010813             00000000000000                                                                  000065
1026052455000013100000090009902404869231838868                000000002300195159560000000000000000000000000906310713231838868 00000000230019515956020813000000001000000104994  000000000000000000000000000000000000000000000000000000000000000000000000000000000000001000000000000000000000000000000   010813             00000000000000                                                                  000066
1026052455000013100000090009902404869231839422                0000000023001951609P0000000000000000000000000906310713231839422 0000000023001951609P020813000000005000023700098  000000000000000000000000000000000000000000000000000000000000000000000000000000000000005000000000000000000000000000000   010813             00000000000000                                                                  000067
1026052455000013100000090009902404869231839764                000000002300195168470000000000000000000000000906310713231839764 00000000230019516847020813000000003950000107831  000000000000000000000000000000000000000000000000000000000000000000000000000000000000003950000000000000000000000000000   010813             00000000000000                                                                  000068
1026052455000013100000090009902404869231838969                000000002300195169870000000000000000000000000906310713231838969 00000000230019516987020813000000000500034106420  000000000000000000000000000000000000000000000000000000000000000000000000000000000000000500000000000000000000000000000   010813             00000000000000                                                                  000069
1026052455000013100000090009902404869231839433                000000002300195197060000000000000000000000000906310713231839433 00000000230019519706020813000000003950023700092  000000000000000000000000000000000000000000000000000000000000000000000000000000000000003950000000000000000000000000000   010813             00000000000000                                                                  000070
1026052455000013100000090009902404869231837983                000000002300195248230000000000000000000000000906310713231837983 00000000230019524823310713000000002750023703392  000000000000000000000000000000000000000000000000000000000000000000000000000000000000002750000000000000000000000000000   010813             00000000000000                                                                  000071
10260524550000131000000900099024048692318197531               000000002300194132230000000000000000000000000910310713231819753100000000230019413223310513000000000433323700000  000000000000000000000000000000000000000000000000000000000000000000000000000000000000000000000000000000000000000000000                          1600000000                                                                  000072
1026052455000013100000090009902404869231826750                000000002300194353910000000000000000000000000910310713231826750 00000000230019435391310513000000003950023700000  000000000000000000000000000000000000000000000000000000000000000000000000000000000000000000000000000000000000000000000                          1600000000                                                                  000073
1026052455000013100000090009902404869231826767                000000002300194530470000000000000000000000000910310713231826767 00000000230019453047310513000000000500023700000  000000000000000000000000000000000000000000000000000000000000000000000000000000000000000000000000000000000000000000000                          1600000000                                                                  000074
1026052455000013100000090009902404869231826763                000000002300194570770000000000000000000000000910310713231826763 00000000230019457077310513000000002750023700000  000000000000000000000000000000000000000000000000000000000000000000000000000000000000000000000000000000000000000000000                          1600000000                                                                  000075
1026052455000013100000090009902404869231826759                000000002300194577860000000000000000000000000910310713231826759 00000000230019457786310513000000002750023700000  000000000000000000000000000000000000000000000000000000000000000000000000000000000000000000000000000000000000000000000                          1600000000                                                                  000076
1026052455000013100000090009902404869231827715                000000002300194602130000000000000000000000000910310713231827715 00000000230019460213310513000000001180023700000  000000000000000000000000000000000000000000000000000000000000000000000000000000000000000000000000000000000000000000000                          1600000000                                                                  000077
1026052455000013100000090009902404869231793587                000000002300194612010000000000000000000000000910310713231793587 00000000230019461201310513000000002750023700000  000000000000000000000000000000000000000000000000000000000000000000000000000000000000000000000000000000000000000000000                          1600000000                                                                  000078
1026052455000013100000090009902404869231773015                000000002300194617750000000000000000000000000910310713231773015 00000000230019461775310513000000003500023700000  000000000000000000000000000000000000000000000000000000000000000000000000000000000000000000000000000000000000000000000                          1600000000                                                                  000079
10260524550000131000000900099024048692317930051               000000002300194617910000000000000000000000000910310713231793005100000000230019461791310513000000000500023700000  000000000000000000000000000000000000000000000000000000000000000000000000000000000000000000000000000000000000000000000                          1600000000                                                                  000080
10260524550000131000000900099024048692318045146               0000000023001931229P000000000000000000000000091431071323180451460000000023001931229P010813000000000658523704150  000000000000000000000000000000000000000000000000000000000000000000000000000000000000000000000000000000000000000000000                          0000000000                                                                  000081
10260524550000131000000900099024048692318174813               000000002300193903550000000000000000000000000914310713231817481300000000230019390355041013000000001316623704150  000000000000000000000000000000000000000000000000000000000000000000000000000000000000000000000000000000000000000000000                          0000000000                                                                  000082
10260524550000131000000900099024048692318203212               000000002300194049330000000000000000000000000914310713231820321200000000230019404933010813000000000666723704150  000000000000000000000000000000000000000000000000000000000000000000000000000000000000000000000000000000000000000000000                          0000000000                                                                  000083
10260524550000131000000900099024048692318203213               000000002300194049410000000000000000000000000914310713231820321300000000230019404941010813000000000666623704150  000000000000000000000000000000000000000000000000000000000000000000000000000000000000000000000000000000000000000000000                          0000000000                                                                  000084
10260524550000131000000900099024048691202979322               000000002300194250780000000000000000000000000914310713120297932200000000230019425078100913000000000303323704150  000000000000000000000000000000000000000000000000000000000000000000000000000000000000000000000000000000000000000000000                          0000000000                                                                  000085
10260524550000131000000900099024048691202979323               000000002300194250860000000000000000000000000914310713120297932300000000230019425086101013000000000303423704150  000000000000000000000000000000000000000000000000000000000000000000000000000000000000000000000000000000000000000000000                          0000000000                                                                  000086
10260524550000131000000900099024048691202979601               000000002300194615890000000000000000000000000914310713120297960100000000230019461589020813000000000466723704150  000000000000000000000000000000000000000000000000000000000000000000000000000000000000000000000000000000000000000000000                          0000000000                                                                  000087
10260524550000131000000900099024048691202979602               000000002300194615970000000000000000000000000914310713120297960200000000230019461597020813000000000466723704150  000000000000000000000000000000000000000000000000000000000000000000000000000000000000000000000000000000000000000000000                          0000000000                                                                  000088
10260524550000131000000900099024048691202979603               000000002300194616000000000000000000000000000914310713120297960300000000230019461600020813000000000466623704150  000000000000000000000000000000000000000000000000000000000000000000000000000000000000000000000000000000000000000000000                          0000000000                                                                  000089
10260524550000131000000900099024048692318371361               000000002300194940370000000000000000000000000914310713231837136100000000230019494037020813000000000650023704150  000000000000000000000000000000000000000000000000000000000000000000000000000000000000000000000000000000000000000000000                          0000000000                                                                  000090
10260524550000131000000900099024048692318045146               0000000023001931229P000000000000000000000000093331071323180451460000000023001931229P010813000000000658523704150  000000000000000000000000000000000000000000000000000000000000000000000000000000000000000000000000000000000000000000000                          0000000000                                                                  000091
10260524550000131000000900099024048692318174813               000000002300193903550000000000000000000000000933310713231817481300000000230019390355041013000000001316623704150  000000000000000000000000000000000000000000000000000000000000000000000000000000000000000000000000000000000000000000000                          0000000000                                                                  000092
10260524550000131000000900099024048692318203212               000000002300194049330000000000000000000000000933310713231820321200000000230019404933010813000000000666723704150  000000000000000000000000000000000000000000000000000000000000000000000000000000000000000000000000000000000000000000000                          0000000000                                                                  000093
10260524550000131000000900099024048692318203213               000000002300194049410000000000000000000000000933310713231820321300000000230019404941010813000000000666623704150  000000000000000000000000000000000000000000000000000000000000000000000000000000000000000000000000000000000000000000000                          0000000000                                                                  000094
10260524550000131000000900099024048692318371361               000000002300194940370000000000000000000000000933310713231837136100000000230019494037020813000000000650023704150  000000000000000000000000000000000000000000000000000000000000000000000000000000000000000000000000000000000000000000000                          0000000000                                                                  000095
9201237          000091960000010720569600006885          00034000000505894000000608374000360000006078770000900000018313300000000000000000000100000000596510000000000000000000000000000000000                                                                                                                                                                              00000000000000000000000         000096
